@book{dalgaard2008,
	author = {Dalgaard, Peter},
	title = {Introductory Statistics with R},
	date = {2008},
	subtitle = {Statistics and Computing},
	publisher = {Springer},
	chapter = {1-3}
}

@manual{venables2018,
	author = {W. N. Venables, D. M. Smith and the R Core Team},
	title = {An Introduction to R},
	howpublished = "\url{https://cran.r-project.org/doc/manuals/r-release/R-intro.pdf}",
	date = {2018-12-20},
	subtitle = {Notes on R: A Programming Environment for Data Analysis and Graphics},
	version = {3.5.2}
}

@book{wu2011experiments,
  title={Experiments: planning, analysis, and optimization},
  author={Wu, C.F. Jeff and Hamada, Michael S.},
  volume={552},
  year={2011},
  publisher={John Wiley \& Sons}
}

