@book{friedman2009elements,
	title={The elements of statistical learning},
	subtitle={Data Mining, Inference, and Prediction},
	author={Friedman, Jerome and Hastie, Trevor and Tibshirani, Robert},
	year={2009},
	publisher={Springer-Verlag, \url{https://web.stanford.edu/~hastie/Papers/ESLII.pdf}},
	edition={second}
}

@book{mccullagh1989generalized,
	title={Generalized linear models},
	author={McCullagh, P. and Nelder, J.A.},
	year={1989},
	publisher={Chapman and Hall},
	edition={second}
}

@book{rockafellar1970convex,
	title={Convex analysis},
	author={Rockafellar, Ralph Tyrell},
	year={1970},
	publisher={Princeton university press}
}

@article{hastie1995penalized,
	title={Penalized discriminant analysis},
	author={Hastie, Trevor and Buja, Andreas and Tibshirani, Robert},
	journal={The Annals of Statistics},
	pages={73--102},
	year={1995},
	publisher={JSTOR}
}

@article{hastie1994flexible,
	title={Flexible discriminant analysis by optimal scoring},
	author={Hastie, Trevor and Tibshirani, Robert and Buja, Andreas},
	journal={Journal of the American statistical association},
	volume={89},
	number={428},
	pages={1255--1270},
	year={1994},
	publisher={Taylor \& Francis}
}