@book{friedman2009elements,
	title={The elements of statistical learning},
	subtitle={Data Mining, Inference, and Prediction},
	author={Friedman, Jerome and Hastie, Trevor and Tibshirani, Robert},
	year={2009},
	publisher={Springer-Verlag, \url{https://web.stanford.edu/~hastie/Papers/ESLII.pdf}},
	edition={second}
}

@book{wahba1990spline,
	title={Spline models for observational data},
	author={Wahba, Grace},
	volume={59},
	year={1990},
	publisher={Siam}
}

@article{friedman2010regularization,
	title={Regularization paths for generalized linear models via coordinate descent},
	author={Friedman, Jerome and Hastie, Trevor and Tibshirani, Robert},
	journal={Journal of statistical software},
	volume={33},
	number={1},
	pages={1},
	year={2010},
	publisher={NIH Public Access}
}

@book{boyd2004convex,
	title={Convex optimization},
	author={Boyd, Stephen and Vandenberghe, Lieven},
	year={2004},
	publisher={Cambridge University Press, \url{http://web.stanford.edu/~boyd/cvxbook/bv_cvxbook.pdf}},
}

@article{wu2008coordinate,
	title={Coordinate descent algorithms for lasso penalized regression},
	author={Wu, Tong Tong and Lange, Kenneth},
	journal={The Annals of Applied Statistics},
	volume={2},
	number={1},
	pages={224--244},
	year={2008},
	publisher={Institute of Mathematical Statistics}
}